@Inproceedings{fang2011,
    author = {Fang, Jianbing and Varbanescu, Ana Lucia and Sips, Henk},
    title = {A Comprehensive Performance Comparison of CUDA and OpenCL},
    year = {2011},
    month = sep,
    booktitle = {2011 International Conference on Parallel Processing},
    pages = {216-225},
    doi = {10.1109/ICPP.2011.45}
}

@Inproceedings{sanchez2012,
    author = {Sanchez, Luis Miguel and Fernandez, Javier and Sotomayor, Rafel and Garcia, J. Daniel},
    title = {A Comparative Evaluation of Parallel Programming Models for Shared-Memory Architectures},
    year = {2012},
    month = jul,
    booktitle = {2012 IEEE \nth{10} International Symposium on Parallel and Distributed Processing with Applications},
    pages = {363-370},
    doi = {10.1109/ISPA.2012.54}
}

@Inproceedings{shen2012,
    author = {Shen, Jie and Fang, Jianbing and Sips, Henk and Varbanescu, Ana Lucia},
    title = {Performance Gaps between OpenMP and OpenCL for Multi-core CPUs},
    year = {2012},
    month = sep,
    booktitle = {2012 \nth{41} International Conference on Parallel Processing Workshops},
    pages = {116-125},
    doi = {10.1109/ICPPW.2012.18}
}

@Inproceedings{chen2013,
    author = {Chen, Doris and Singh, Deshanand},
    title = {Fractal video compression in OpenCL: An evaluation of CPUs, GPUs, and FPGAs as acceleration platforms},
    year = {2013},
    month = jan,
    booktitle = {2013 \nth{18} Asia and South Pacific Design Automation Conference},
    pages = {297 - 304},
    doi = {10.1109/ASPDAC.2013.6509612}
}

@Inproceedings{sugawara2013,
    author = {Sugawara, Makoto and Hirasawa, Shoichi and Komatsu, Kazuhiko and Takizawa, Hiroyuki and Kobayashi, Hiroaki},
    title = {A Comparison of Performance Tunabilities between OpenCL and OpenACC},
    year = {2013},
    month = sep,
    booktitle = {2013 IEEE \nth{7} International Symposium on Embedded Multicore Socs},
    pages = {147-152},
    doi = {10.1109/MCSoC.2013.31}
}


@mastersthesis{li2016,
    author = {Li, Hongyu},
    title = {\begin{CJK*}{UTF8}{zhsong}在HSA系統上以間接Finalizer進行程式碼最佳化\end{CJK*}},
    year = {2016},
    month = jan,
    school = {National Taiwan University},
    address = {No. 1, Sec. 4, Roosevelt Rd., Taipei 10617, Taiwan},
    doi = {10.6342/NTU201601752}
}

@mastersthesis{larsson2016,
    author = {Larsson, Marcus and Tsog, Nandinbaatar},
    title = {Time Predictability of GPU Kernel on an HSA Compliant Platform},
    year = {2016},
    month = jun,
    school = {Mälardalens högskola},
    address = {721 23 Västerås, Schweden},
    type = {Masterarbeit}
}

@phdthesis{sun2016,
    author = {Sun, Peng},
    title = {High-Level Programming Model for Heterogeneous Embedded Systems Using Multicore Industry Standard APIs},
    year = {2016},
    month = jun,
    school = {University of Houston},
    address = {4800 Calhoun Rd, Houston, TX 77004, USA}
}

@Inproceedings{sunyifan2016,
    author = {Sun, Yifan and Gong, Xiang and Ziabari, Amir Kavyan and Yu, Leiming and Li, Xiangyu and Mukherjee, Saoni and McCardwell, Carter and Villegas, Alejandro and Kaeli, David},
    title = {Hetero-Mark, A Benchmark Suite for CPU-GPU Collaborative Computing},
    year = {2016},
    month = sep,
    booktitle = {2016 IEEE International Symposium on Workload Characterization},
    pages = {1-10},
    doi = {10.1109/IISWC.2016.7581262}
}

@Inproceedings{dasilva2016,
    author = {{Cardoso da Silva}, Hércules and Pisani, Flávia and Borin, Edson},
    title = {A Comparative Study of SYCL, OpenCL, and OpenMP},
    year = {2016},
    month = oct,
    booktitle = {2016 International Symposium on Computer Architecture and High Performance Computing Workshops},
    pages = {61-66},
    doi = {10.1109/SBAC-PADW.2016.19}
}

@Inproceedings{gomezluna2017,
    author = {Gómez-Luna, Juan and {El Hajj}, Izzat and Chang, Li-Wen and García-Flores, Víctor and {Garcia de Gonzalo}, Simon and Jablin, Thomas B. and Peña, Antonio J. and Hwu, Wen-mei},
    title = {Chai: Collaborative Heterogeneous Applications for Integrated-architectures},
    year = {2017},
    month = apr,
    booktitle = {2017 IEEE International Symposium on Performance Analysis of Systems and Software},
    pages = {43-54},
    doi = {10.1109/ISPASS.2017.7975269}
}

@Inproceedings{hou2017,
    author = {Hou, Kaixi and Wang, Hao and Feng, Wu-chun},
    title = {GPU-UniCache: Automatic Code Generation of Spatial Blocking for Stencils on GPUs},
    year = {2017},
    month = may,
    booktitle = {Proceedings of the Computing Frontiers Conference 2017},
    pages = {107-116},
    doi = {10.1145/3075564.3075583}
}

@phdthesis{konstantinidis2017,
    author = {Konstantinidis, Elias N.},
    title = {A GPU performance estimation model based on micro-benchmarks and black-box kernel profiling},
    year = {2017},
    month = jul,
    school = {\textgreek{Εθνικό και Καποδιστριακό Πανεπιστήμιο Αθηνών}},
    address = {\textgreek{Πανεπιστημίου 30, 106 79 Αθήνα}, Griechenland}
}

@inproceedings{nobre2018,
    author = {Nobre, Ricardo and Reis, Luís and Bispo, João and Carvalho, Tiago and Cardoso, João M.\ P. and Cherubin, Stefano and Agosta, Giovanni},
    title = {Aspect-Driven Mixed-Precision Tuning Targeting GPUs},
    year = {2018},
    month = jan,
    booktitle = {Proceedings of the \nth{9} Workshop and \nth{7} Workshop on Parallel Programming and RunTime Management Techniques for Manycore Architectures and Design Tools and Architectures for Multicore Embedded Computing Platforms},
    pages = {26 - 31},
    doi = {10.1145/3183767.3183776}
}

@inproceedings{vesely2018,
    author = {Veselý, Ján and Basu, Arkaprava and Bhattacharjee, Abhishek and Loh, Gabriel H. and Oskin, Mark and Reinhardt, Steven K.},
    title = {Generic System Calls for GPUs},
    year = {2018},
    month = jun,
    booktitle = {2018 ACM/IEEE \nth{45} Annual International Symposium on Computer Architecture},
    pages = {843-856},
    doi = {10.1109/ISCA.2018.00075}
}
